<?xml version="1.0" encoding="UTF-8"?>
  <record xmlns="http://www.loc.gov/MARC21/slim" type="Authority">
    <leader>00000nz  a2200000nc 4500</leader>
    <controlfield tag="001">138413363</controlfield>
    <controlfield tag="003">DE-101</controlfield>
    <controlfield tag="005">20161129185909.0</controlfield>
    <controlfield tag="008">090615n||aznnnaabn           | aaa    |c</controlfield>
    <datafield tag="024" ind1="7" ind2=" ">
      <subfield code="a">138413363</subfield>
      <subfield code="0">http://d-nb.info/gnd/138413363</subfield>
      <subfield code="2">gnd</subfield>
    </datafield>
    <datafield tag="035" ind1=" " ind2=" ">
      <subfield code="a">(DE-101)138413363</subfield>
    </datafield>
    <datafield tag="035" ind1=" " ind2=" ">
      <subfield code="a">(DE-588)138413363</subfield>
    </datafield>
    <datafield tag="035" ind1=" " ind2=" ">
      <subfield code="z">(DE-588a)138413363</subfield>
      <subfield code="9">v:zg</subfield>
    </datafield>
    <datafield tag="035" ind1=" " ind2=" ">
      <subfield code="z">(DE-588a)100994970</subfield>
    </datafield>
    <datafield tag="040" ind1=" " ind2=" ">
      <subfield code="a">AT-JMW</subfield>
      <subfield code="c">AT-JMW</subfield>
      <subfield code="9">r:AT-OBV</subfield>
      <subfield code="b">ger</subfield>
      <subfield code="d">0018</subfield>
    </datafield>
    <datafield tag="042" ind1=" " ind2=" ">
      <subfield code="a">gnd1</subfield>
    </datafield>
    <datafield tag="075" ind1=" " ind2=" ">
      <subfield code="b">p</subfield>
      <subfield code="2">gndgen</subfield>
    </datafield>
    <datafield tag="075" ind1=" " ind2=" ">
      <subfield code="b">piz</subfield>
      <subfield code="2">gndspec</subfield>
    </datafield>
    <datafield tag="079" ind1=" " ind2=" ">
      <subfield code="a">g</subfield>
      <subfield code="q">a</subfield>
      <subfield code="q">f</subfield>
    </datafield>
    <datafield tag="100" ind1="1" ind2=" ">
      <subfield code="a">Edels, Samuel Eliezer ben Judah ha-Levi</subfield>
      <subfield code="d">1555-1631</subfield>
    </datafield>
    <datafield tag="400" ind1="1" ind2=" ">
      <subfield code="a">Idlish, Shemiel Eliezer ben Yehudah</subfield>
      <subfield code="d">1555-1631</subfield>
    </datafield>
    <datafield tag="400" ind1="1" ind2=" ">
      <subfield code="a">Aidelś, Shemuel Eliezer</subfield>
      <subfield code="d">1555-1631</subfield>
    </datafield>
    <datafield tag="400" ind1="1" ind2=" ">
      <subfield code="a">Aidelś, Shemuʾel Eliʿezer ben Yehudah ha-Levi</subfield>
      <subfield code="d">1555-1631</subfield>
    </datafield>
    <datafield tag="400" ind1="1" ind2=" ">
      <subfield code="a">Edels, Samuel E.</subfield>
      <subfield code="d">1555-1631</subfield>
    </datafield>
    <datafield tag="400" ind1="1" ind2=" ">
      <subfield code="a">Edeleś, Shemuel Eliezer ben Yehudah ha-Levi</subfield>
      <subfield code="d">1555-1631</subfield>
    </datafield>
    <datafield tag="400" ind1="1" ind2=" ">
      <subfield code="a">Aidelś, Shemuʾel Eliʿezer ben Jehudah ha-Levi</subfield>
      <subfield code="d">1555-1631</subfield>
    </datafield>
    <datafield tag="400" ind1="1" ind2=" ">
      <subfield code="a">Edelś, Shemuʾel Eliʿezer ben Yehudah</subfield>
      <subfield code="c">ha-Leṿi</subfield>
      <subfield code="d">1555-1631</subfield>
    </datafield>
    <datafield tag="400" ind1="1" ind2=" ">
      <subfield code="a">Edels, Šemuʾel Eliʿezer ben Yehuda</subfield>
      <subfield code="c">hal-Lewi</subfield>
      <subfield code="d">1555-1631</subfield>
    </datafield>
    <datafield tag="400" ind1="1" ind2=" ">
      <subfield code="a">Edels, Samuel</subfield>
      <subfield code="d">1555-1631</subfield>
    </datafield>
    <datafield tag="400" ind1="0" ind2=" ">
      <subfield code="a">Maharsha</subfield>
      <subfield code="d">1555-1631</subfield>
    </datafield>
    <datafield tag="400" ind1="0" ind2=" ">
      <subfield code="a">Maharša</subfield>
      <subfield code="d">1555-1631</subfield>
    </datafield>
    <datafield tag="400" ind1="0" ind2=" ">
      <subfield code="a">M.h.r.Sh.ʾ</subfield>
      <subfield code="d">1555-1631</subfield>
    </datafield>
    <datafield tag="400" ind1="0" ind2=" ">
      <subfield code="a">Shemuʾel Eliʿezer ben Yehudah ha-Leṿi</subfield>
      <subfield code="d">1555-1631</subfield>
    </datafield>
    <datafield tag="400" ind1="0" ind2=" ">
      <subfield code="a">Šemuʾel Eliʿezer Ben-Yehuda hal-Lewi</subfield>
      <subfield code="d">1555-1631</subfield>
    </datafield>
    <datafield tag="400" ind1="0" ind2=" ">
      <subfield code="a">Šemuʾel Eliʿezer Ben-Jehuda hal-Lewi</subfield>
      <subfield code="d">1555-1631</subfield>
    </datafield>
    <datafield tag="400" ind1="0" ind2=" ">
      <subfield code="a">Samuel Eliezer b. Judah Halevi</subfield>
      <subfield code="d">1555-1631</subfield>
    </datafield>
    <datafield tag="400" ind1="0" ind2=" ">
      <subfield code="a">Samuel Eliezer ben Judah Halevi</subfield>
      <subfield code="d">1555-1631</subfield>
    </datafield>
    <datafield tag="400" ind1="0" ind2=" ">
      <subfield code="9">U:Hebr</subfield>
      <subfield code="a">שמואל אליעזר בן יהודה הלוי</subfield>
      <subfield code="d">1555-1631</subfield>
    </datafield>
    <datafield tag="400" ind1="1" ind2=" ">
      <subfield code="9">U:Hebr</subfield>
      <subfield code="a">איידלש, שמואל אליעזר</subfield>
      <subfield code="c">הלוי</subfield>
      <subfield code="d">1555-1631</subfield>
    </datafield>
    <datafield tag="400" ind1="1" ind2=" ">
      <subfield code="9">U:Hebr</subfield>
      <subfield code="a">איידליש, שמואל אליעזר</subfield>
      <subfield code="d">1555-1631</subfield>
    </datafield>
    <datafield tag="400" ind1="1" ind2=" ">
      <subfield code="9">U:Hebr</subfield>
      <subfield code="a">איידלש, שמואל אליעזר</subfield>
      <subfield code="d">1555-1631</subfield>
    </datafield>
    <datafield tag="400" ind1="1" ind2=" ">
      <subfield code="9">U:Hebr</subfield>
      <subfield code="a">אידלש, שמואל אליעזר</subfield>
      <subfield code="d">1555-1631</subfield>
    </datafield>
    <datafield tag="400" ind1="1" ind2=" ">
      <subfield code="9">U:Hebr</subfield>
      <subfield code="a">איידלס, שמואל אליעזר</subfield>
      <subfield code="d">1555-1631</subfield>
    </datafield>
    <datafield tag="400" ind1="1" ind2=" ">
      <subfield code="9">U:Hebr</subfield>
      <subfield code="a">איידליש, שמואל</subfield>
      <subfield code="d">1555-1631</subfield>
    </datafield>
    <datafield tag="400" ind1="1" ind2=" ">
      <subfield code="9">U:Hebr</subfield>
      <subfield code="a">איידלש, שמואל</subfield>
      <subfield code="d">1555-1631</subfield>
    </datafield>
    <datafield tag="400" ind1="1" ind2=" ">
      <subfield code="9">U:Hebr</subfield>
      <subfield code="a">אידלש, שמואל</subfield>
      <subfield code="d">1555-1631</subfield>
    </datafield>
    <datafield tag="400" ind1="1" ind2=" ">
      <subfield code="9">U:Hebr</subfield>
      <subfield code="a">איידלס, שמואל</subfield>
      <subfield code="d">1555-1631</subfield>
    </datafield>
    <datafield tag="400" ind1="0" ind2=" ">
      <subfield code="9">U:Hebr</subfield>
      <subfield code="a">שמואל איידליש</subfield>
      <subfield code="d">1555-1631</subfield>
    </datafield>
    <datafield tag="400" ind1="0" ind2=" ">
      <subfield code="9">U:Hebr</subfield>
      <subfield code="a">שמואל איידלש</subfield>
      <subfield code="d">1555-1631</subfield>
    </datafield>
    <datafield tag="400" ind1="0" ind2=" ">
      <subfield code="9">U:Hebr</subfield>
      <subfield code="a">שמואל אידלש</subfield>
      <subfield code="d">1555-1631</subfield>
    </datafield>
    <datafield tag="400" ind1="0" ind2=" ">
      <subfield code="9">U:Hebr</subfield>
      <subfield code="a">שמואל אליעזר איידליש</subfield>
      <subfield code="d">1555-1631</subfield>
    </datafield>
    <datafield tag="400" ind1="0" ind2=" ">
      <subfield code="9">U:Hebr</subfield>
      <subfield code="a">שמואל אליעזר איידלש</subfield>
      <subfield code="d">1555-1631</subfield>
    </datafield>
    <datafield tag="400" ind1="0" ind2=" ">
      <subfield code="9">U:Hebr</subfield>
      <subfield code="a">שמואל אליעזר אידלש</subfield>
      <subfield code="d">1555-1631</subfield>
    </datafield>
    <datafield tag="400" ind1="0" ind2=" ">
      <subfield code="9">U:Hebr</subfield>
      <subfield code="a">מהרש״א</subfield>
      <subfield code="d">1555-1631</subfield>
    </datafield>
    <datafield tag="400" ind1="1" ind2=" ">
      <subfield code="9">U:Hebr</subfield>
      <subfield code="a">אידלש, שמואל אליעזר בן יהודה</subfield>
      <subfield code="c">הלוי</subfield>
      <subfield code="d">1555-1631</subfield>
    </datafield>
    <datafield tag="548" ind1=" " ind2=" ">
      <subfield code="a">1555-1631</subfield>
      <subfield code="4">datl</subfield>
      <subfield code="4">https://d-nb.info/standards/elementset/gnd#dateOfBirthAndDeath</subfield>
      <subfield code="w">r</subfield>
      <subfield code="i">Lebensdaten</subfield>
    </datafield>
    <datafield tag="550" ind1=" " ind2=" ">
      <subfield code="0">(DE-101)041767519</subfield>
      <subfield code="0">(DE-588)4176751-2</subfield>
      <subfield code="0">https://d-nb.info/gnd/4176751-2</subfield>
      <subfield code="a">Rabbiner</subfield>
      <subfield code="4">berc</subfield>
      <subfield code="4">https://d-nb.info/standards/elementset/gnd#professionOrOccupation</subfield>
      <subfield code="w">r</subfield>
      <subfield code="i">Charakteristischer Beruf</subfield>
    </datafield>
    <datafield tag="551" ind1=" " ind2=" ">
      <subfield code="0">(DE-101)950616745</subfield>
      <subfield code="0">(DE-588)4457233-5</subfield>
      <subfield code="0">https://d-nb.info/gnd/4457233-5</subfield>
      <subfield code="a">Ostrog</subfield>
      <subfield code="4">orts</subfield>
      <subfield code="4">https://d-nb.info/standards/elementset/gnd#placeOfDeath</subfield>
      <subfield code="w">r</subfield>
      <subfield code="i">Sterbeort</subfield>
    </datafield>
    <datafield tag="667" ind1=" " ind2=" ">
      <subfield code="a">12</subfield>
    </datafield>
    <datafield tag="670" ind1=" " ind2=" ">
      <subfield code="a">LCAuth</subfield>
    </datafield>
    <datafield tag="670" ind1=" " ind2=" ">
      <subfield code="a">LCAuth + Translit.</subfield>
    </datafield>
    <datafield tag="672" ind1=" " ind2="0">
      <subfield code="a">Sēfer Ḥîdûšê halaḵôt. - 1721 = 481 [jüd. Zeit]</subfield>
    </datafield>
    <datafield tag="672" ind1=" " ind2="0">
      <subfield code="a">Sēfer Ḥîdûšê halaḵôt. - 1757 = 517 [jüd. Zeit]</subfield>
    </datafield>
    <datafield tag="672" ind1=" " ind2="0">
      <subfield code="a">Sēfer Ḥîdûšê halaḵôt. - 1778 = 538 [jüd. Zeit]</subfield>
    </datafield>
    <datafield tag="672" ind1=" " ind2="0">
      <subfield code="a">Sēfer Ḥîdûšê halaḵôt. - 1798 = 558 [jüd. Zeit]</subfield>
    </datafield>
    <datafield tag="672" ind1=" " ind2="0">
      <subfield code="a">S. Ḥîdûšê Maharša .... - 1764 = 524 [jüd. Zeit]</subfield>
    </datafield>
    <datafield tag="678" ind1=" " ind2=" ">
      <subfield code="b">Rabbiner</subfield>
    </datafield>
    <datafield tag="700" ind1="0" ind2="4">
      <subfield code="9">U:Hebr</subfield>
      <subfield code="a">שמואל אליעזר בן יהודה אידלש</subfield>
      <subfield code="d">1555-1631</subfield>
      <subfield code="5">DE-576</subfield>
      <subfield code="9">v:Original</subfield>
    </datafield>
    <datafield tag="913" ind1=" " ind2=" ">
      <subfield code="S">pnd</subfield>
      <subfield code="i">a</subfield>
      <subfield code="a">Edels, Samuel Eliezer ben Judah ha-Levi</subfield>
      <subfield code="0">(DE-588a)138413363</subfield>
    </datafield>
  </record>
